
%% Created for Shivkumar Shivajis at 2008-01-21 18:33:50 -0800


%% Saved with string encoding Western (ASCII)

@conference{shivaji2009reducing,
  title={{{R}educing {F}eatures to {I}mprove {B}ug {P}rediction}},
  author={Shivaji, S. and Whitehead Jr, E.J. and Akella, R. and Kim, S.},
  booktitle={2009 IEEE/ACM International Conference on Automated Software Engineering},
  pages={600--604},
  issn={1527-1366},
  year={2009},
  organization={IEEE}
}

@article{d2011evaluating,
  title={Evaluating {D}efect {P}rediction {A}pproaches: a {B}enchmark and an {E}xtensive {C}omparison},
  author={D'Ambros, M. and Lanza, M. and Robbes, R.},
  journal={Empirical Software Engineering},
  pages={1--47},
  year={2011},
  publisher={Springer}
}

@conference{larsen1999fae,
  title={{{F}ast and {E}ffective {T}ext {M}ining using {L}inear-time {D}ocument {C}lustering}},
  author={Larsen, B. and Aone, C.},
  booktitle={Proceedings of the fifth ACM SIGKDD international conference on Knowledge discovery and data mining},
  pages={16--22},
  year={1999},
  organization={ACM New York, NY, USA}
}

@article{bowring2004ala,
    Author = {Bowring, J.F. and Rehg, J.M. and Harrold, M.J.},
    Date-Added = {2009-02-26 00:40:05 -0800},
    Date-Modified = {2009-02-26 00:40:05 -0800},
    Journal = {ACM SIGSOFT Software Engineering Notes},
    Number = {4},
    Pages = {195--205},
    Publisher = {ACM New York, NY, USA},
    Title = {{Active learning for automatic classification of software behavior}},
    Volume = {29},
    Year = {2004}}
    
@article{moravec1998will,
  title={When will computer hardware match the human brain},
  author={Moravec, H.},
  journal={Journal of Evolution and Technology},
  volume={1},
  number={1},
  pages={10},
  year={1998},
  publisher={Citeseer}
}

@article{langford2009sparse,
  title={Sparse online learning via truncated gradient},
  author={Langford, J. and Li, L. and Zhang, T.},
  journal={The Journal of Machine Learning Research},
  volume={10},
  pages={777--801},
  year={2009},
  publisher={JMLR. org}
}

@article{glasmachers2008second,
  title={Second-order {S}mo {I}mproves {S}vm {O}nline and {A}ctive {L}earning},
  author={Glasmachers, T. and Igel, C.},
  journal={Neural Computation},
  volume={20},
  number={2},
  pages={374--382},
  year={2008},
  publisher={MIT Press}
}

@article{kasparov2010chess,
  title={The chess master and the computer},
  author={Kasparov, G.},
  journal={The New York Review of Books},
  volume={57},
  number={2},
  pages={16--19},
  year={2010}
}

@conference{xiao2005sta,
  title={{Software testing by active learning for commercial games}},
  author={Xiao, G. and Southey, F. and Holte, R.C. and Wilkinson, D.},
  booktitle={PROCEEDINGS OF THE NATIONAL CONFERENCE ON ARTIFICIAL INTELLIGENCE},
  volume={20},
  number={2},
  pages={898},
  year={2005},
  organization={Menlo Park, CA; Cambridge, MA; London; AAAI Press; MIT Press; 1999}
}


@conference{aversano2007lbi,
  title={{Learning from {B}ug-introducing {C}hanges to {P}revent {F}ault {P}rone {C}ode}},
  author={Aversano, L. and Cerulo, L. and Del Grosso, C.},
  booktitle={Proceedings of the Foundations of Software Engineering},
  pages={19--26},
  year={2007},
  organization={ACM New York, NY, USA}
}

@article{Anagnostopoulos2006p1049,
author = {A. Anagnostopoulos and A. Broder and K. Punera},
journal = {Proc. 15th {A}CM {I}nt'l {C}onf. on {I}nformation and {K}nowledge {M}anagement},
title = {Effective and {E}fficient {C}lassification on a {S}earch-{E}ngine {M}odel},
abstract = { NB) [15], although sim- ple and , has also been observed to be . kernels to compute the best text  performance achievable },
year = {2006},
month = {Jan},
date-added = {2008-01-26 02:12:22 -0800},
date-modified = {2008-01-28 00:44:57 -0800},
pmid = {15411438887520960150related:lv5T0ANu4NUJ},
URL = {http://portal.acm.org/citation.cfm?id=1183648},
local-url = {file://localhost/Users/shivajis/Documents/Papers/2006/Anagnostopoulos/Proceedings%20of%20the%2015th%20ACM%20international%20conference%20on%20%E2%80%A6%202006%20Anagnostopoulos.pdf},
uri = {papers://874E86E5-593C-4C70-8B67-0B7AF05F8CE4/Paper/p1049},
read = {Yes},
rating = {0}
}

@article{MenziesGF07,
  author    = {T. Menzies and
               J. Greenwald and
               A. Frank},
  title     = {{D}ata {M}ining {S}tatic {C}ode {A}ttributes to {L}earn {D}efect {P}redictors},
  journal   = {IEEE Trans. Software Eng.},
  volume    = {33},
  number    = {1},
  year      = {2007},
  pages     = {2-13},
  ee        = {http://doi.ieeecomputersociety.org/10.1109/TSE.2007.10},
  bibsource = {DBLP, http://dblp.uni-trier.de}
}

@article{menzies2007ppr,
  title={{{P}roblems with {P}recision: {A} {R}esponse to" {C}omments on'{D}ata {M}ining {S}tatic {C}ode {A}ttributes to {L}earn {D}efect {P}redictors'}},
  author={Menzies, T. and Dekhtyar, A. and Distefano, J. and Greenwald, J.},
  journal={IEEE Transactions on Software Engineering},
  volume={33},
  number={9},
  pages={637--640},
  year={2007}
}

@article{madhavanpbc,
  title={Predicting {B}uggy {C}hanges {I}nside an {I}ntegrated {D}evelopment {E}nvironment},
  author={Madhavan, J.T. and Whitehead Jr, E.J.},
  journal= {Proc. 2007 {E}clipse {T}echnology
               e{X}change},
  year={2007}
}

@article{kumarRai1998,
author = {Kumar, R. and Rai, S. and Trahan, J.},
title = {Neural-{N}etwork {T}echniques for {S}oftware-{Q}uality {E}valuation},
journal = {{R}eliability and {M}aintainability {S}ymposium},
year = {1998},
keywords = { }}

@article{McCallum1998p1006,
author = {A. McCallum and K. Nigam},
journal = {AAAI-98 Workshop on Learning for Text Categorization},
title = {A {C}omparison of {E}vent {M}odels for {N}aive {B}ayes {T}ext {C}lassification},
year = {1998},
month = {Jan},
date-added = {2008-01-26 02:03:04 -0800},
date-modified = {2008-01-28 00:44:57 -0800},
pmid = {17633882200072425437related:3Y9mwm4iuPQJ},
read = {Yes},
rating = {0},
}

@article{lessmann2008ieee,
author = {S. Lessmann and B. Baesens and C. Mues and S. Pietsch},
title = {Benchmarking {C}lassification {M}odels for {S}oftware {D}efect {P}rediction: {A} {P}roposed {F}ramework and {N}ovel {F}indings},
journal = {IEEE {T}rans. on {S}oftware {E}ng.},
volume = {34},
number = {4},
pages = {485--496},
year = {2008},
location = {Los Alamitos, CA, USA},
keywords = { }
}

@book{alpaydin2004iml,
  title={{Introduction {T}o {M}achine {L}earning}},
  author={Alpaydin, E.},
  year={2004},
  publisher={MIT Press}
}

@article{understandjava,
title={{M}aintenance, {U}nderstanding, {M}etrics and {D}ocumentation {T}ools for {A}da, {C}, {C}++, {J}ava, and {F}ORTRAN},
year={2005},
author={Scientific Toolworks. http://www.scitools.com/}
}
@book{liu1998fsk,
  title={{{F}eature {S}election for {K}nowledge {D}iscovery and {D}ata {M}ining}},
  author={Liu, H. and Motoda, H.},
  year={1998},
  publisher={Springer}
}

@article{Fawcett2004p17,
  author    = {T. Fawcett},
  title     = {An {I}ntroduction to {ROC} {A}nalysis},
  journal   = {Pattern Recognition Letters},
  volume    = {27},
  number    = {8},
  year      = {2006},
  pages     = {861-874},
  ee        = {http://dx.doi.org/10.1016/j.patrec.2005.10.010},
  bibsource = {DBLP, http://dblp.uni-trier.de}
}

@article{safavian1991sdt,
  title={{A {S}urvey of {D}ecision {T}ree {C}lassifier {M}ethodology}},
  author={Safavian, S.R. and Landgrebe, D.},
  journal={IEEE {T}rans. on {S}ystems, {M}an, and {C}ybernetics},
  volume={21},
  number={3},
  pages={660--673},
  year={1991}
}

@article{bevan2005fse,
  title={{Facilitating {S}oftware {E}volution {R}esearch with {K}enyon}},
  author={Bevan, J. and Whitehead Jr, E.J. and Kim, S. and Godfrey, M.},
  journal={Proc. {ESEC/FSE} 2005},
  pages={177--186},
  year={2005}
}

@article{cohen1995fer,
  title={{Fast {E}ffective {R}ule {I}nduction}},
  author={Cohen, W.W.},
  journal={Proceedings of the {T}welfth {I}nternational {C}onference on {M}achine {L}earning},
  pages={115--123},
  year={1995},
  publisher={Lake Tahoe, CA}
}

@article{sliwerski2005cif,
  title={{When {D}o {C}hanges {I}nduce {F}ixes?}},
  author={{S}liwerski, J. and {Z}immermann, T. and {Z}eller, A.},
  journal={Proc. MSR 2005},
  pages={24--28},
  year={2005}
}

@article{Brun2004p1,
	Author = {Y. Brun and M. Ernst},
	Date-Added = {2008-01-13 01:11:05 -0800},
	Date-Modified = {2008-01-13 11:02:03 -0800},
	Journal = {Software Engineering, 2004. ICSE 2004. Proceedings. 26th International Conference on},
	Label = {rec-number 4},
	Local-Url = {file://localhost/Users/shivajis/Documents/Papers/2004/Brun/Software%20Engineering%20%202004%20%20ICSE%202004%20%20Proceedings%20%2026th%20International%20Conference%20on%202004%20Brun.pdf},
	Pages = {480--490},
	Rating = {0},
	Read = {Yes},
	Title = {Finding {L}atent {C}ode {E}rrors via {M}achine {L}earning over {P}rogram {E}xecutions},
	Uri = {papers://874E86E5-593C-4C70-8B67-0B7AF05F8CE4/Paper/p1},
	Year = {2004}
}

@article{DBLP:journals/cacm/BesseyBCCFHHKME10,
  author    = {Al Bessey and
               Ken Block and
               Benjamin Chelf and
               Andy Chou and
               Bryan Fulton and
               Seth Hallem and
               Charles Henri-Gros and
               Asya Kamsky and
               Scott McPeak and
               Dawson R. Engler},
  title     = {A few billion lines of code later: using static analysis
               to find bugs in the real world},
  journal   = {Commun. ACM},
  volume    = {53},
  number    = {2},
  year      = {2010},
  pages     = {66-75},
  ee        = {http://doi.acm.org/10.1145/1646353.1646374},
  bibsource = {DBLP, http://dblp.uni-trier.de}
}

@article{Mockus2000p8,
	Author = {A. Mockus and D. Weiss},
	Date-Added = {2008-01-13 01:11:05 -0800},
	Date-Modified = {2008-01-13 11:08:20 -0800},
	Journal = {Bell Labs Tech. Journal},
	Label = {rec-number 7},
	Number = {2},
	Pages = {169--180},
	Rating = {0},
	Read = {Yes},
	Title = {Predicting {R}isk of {S}oftware {C}hanges},
	Uri = {papers://874E86E5-593C-4C70-8B67-0B7AF05F8CE4/Paper/p8},
	Volume = {5},
	Year = {2000}
}

@article{Khoshgoftaar2003p3,
	Author = {T. Khoshgoftaar and E. Allen},
	Date-Added = {2008-01-13 01:11:05 -0800},
	Date-Modified = {2008-01-13 11:17:36 -0800},
	Journal = {Software Quality J.},
	Label = {rec-number 5},
	Number = {1},
	Pages = {19--37},
	Rating = {0},
	Read = {Yes},
	Title = {Ordering {F}ault-{P}rone {S}oftware {M}odules},
	Uri = {papers://874E86E5-593C-4C70-8B67-0B7AF05F8CE4/Paper/p3},
	Volume = {11},
	Year = {2003}
}
@article{Pan2006p9,
	Author = {K. Pan and S. Kim and E. Whitehead Jr},
	Date-Added = {2008-01-13 01:11:05 -0800},
	Date-Modified = {2008-01-13 11:02:28 -0800},
	Journal = {Proceedings of the {S}ixth {IEEE} {I}nternational {W}orkshop on {S}ource {C}ode {A}nalysis and {M}anipulation (SCAM'06)-Volume 00},
	Label = {rec-number 8},
	Local-Url = {file://localhost/Users/shivajis/Documents/Papers/2006/Pan/Proceedings%20of%20the%20Sixth%20IEEE%20International%20Workshop%20on%20Source%20Code%20Analysis%20and%20Manipulation%20SCAM%2006-Volume%2000%202006%20Pan.pdf},
	Pages = {31--42},
	Rating = {0},
	Read = {Yes},
	Title = {{B}ug {C}lassification {U}sing {P}rogram {S}licing Metrics},
	Uri = {papers://874E86E5-593C-4C70-8B67-0B7AF05F8CE4/Paper/p9},
	Year = {2006}
}
@article{Gyimothy2005p4,
author = {T. Gyim{\'o}thy and
R. Ferenc and
I. Siket},
title = {Empirical {V}alidation of {O}bject-{O}riented {M}etrics on {O}pen
{S}ource {S}oftware for {F}ault {P}rediction},
journal = {IEEE Trans. Software Eng.},
volume = {31},
number = {10},
year = {2005},
pages = {897-910},
ee = {http://doi.ieeecomputersociety.org/10.1109/TSE.2005.112},
bibsource = {DBLP, http://dblp.uni-trier.de}
}

@article{Khoshgoftaar1998p5,
	Author = {T. Khoshgoftaar and E. Allen},
	Date-Added = {2008-01-13 01:11:05 -0800},
	Date-Modified = {2008-01-13 11:11:47 -0800},
	Journal = {Proc. 1998 Int'l Symp. on Software Reliability Eng.},
	Label = {rec-number 6},
	Pages = {344--353},
	Rating = {0},
	Read = {Yes},
	Title = {Predicting the {O}rder of {F}ault-{P}rone {M}odules in {L}egacy {S}oftware},
	Year = {1998}
}
@article{Hassan2006p59,
	Abstract = {   and resource allocation issues become non-trivial challenges which managers must face and resolve successfully. Unfor },
	Author = {A Hassan},
	Date-Added = {2008-01-13 10:58:53 -0800},
	Date-Modified = {2008-01-13 10:58:54 -0800},
	Journal = {Software Maintenance},
	Month = {Jan},
	Pmid = {14690811899786376192related:ADTZbJY_4MsJ},
	Rating = {0},
	Read = {Yes},
	Title = {{M}ining {S}oftware {R}epositories to {A}ssist {D}evelopers and {S}upport {M}anagers},
	Uri = {papers://874E86E5-593C-4C70-8B67-0B7AF05F8CE4/Paper/p59},
	Url = {http://ieeexplore.ieee.org/xpls/abs_all.jsp?arnumber=4021358},
	Year = {2006}
}

@article{Joshi2007p56,
	Abstract = {Page 1. Local and Global Recency Weighting Approach to   Hemant Joshi + , Chuanlei Zhang + , S. Ramaswamy * , Coskun Bayrak * },
	Author = {H. Joshi and C. Zhang and S. Ramaswamy and C. Bayrak},
	Date-Added = {2008-01-13 01:14:12 -0800},
	Date-Modified = {2008-01-13 01:14:12 -0800},
	Journal = {Proceedings of the {F}ourth {I}nternational {W}orkshop on {M}ining {\ldots}},
	Local-Url = {file://localhost/Users/shivajis/Documents/Papers/2007/Joshi/Proceedings%20of%20the%20Fourth%20International%20Workshop%20on%20Mining%20%E2%80%A6%202007%20Joshi.pdf},
	Month = {Jan},
	Pmid = {17199573821817446243related:Y1-JgUMpse4J},
	Rating = {0},
	Read = {Yes},
	Title = {Local and {G}lobal {R}ecency {W}eighting {A}pproach to {B}ug {P}rediction},
	Uri = {papers://874E86E5-593C-4C70-8B67-0B7AF05F8CE4/Paper/p56},
	Url = {http://doi.ieeecomputersociety.org/10.1109/MSR.2007.17},
	Year = {2007},
}

@conference{joachims2006training,
  title={{Training linear SVMs in linear time}},
  author={Joachims, T.},
  booktitle={Proceedings of the 12th ACM SIGKDD international conference on Knowledge discovery and data mining},
  pages={226},
  year={2006},
  organization={ACM}
}

@article{Williams2005p2,
	Author = {C Williams and J Hollingsworth},
	Date-Added = {2008-01-13 01:11:05 -0800},
	Date-Modified = {2008-01-13 11:02:46 -0800},
	Journal = {IEEE Transactions on Software Engineering},
	Label = {rec-number 9},
	Local-Url = {file://localhost/Users/shivajis/Documents/Papers/2005/Williams/IEEE%20Transactions%20on%20Software%20Engineering%202005%20Williams.pdf},
	Number = {6},
	Pages = {466--480},
	Rating = {0},
	Read = {Yes},
	Title = {Automatic {M}ining of {S}ource {C}ode {R}epositories to {I}mprove {B}ug {F}inding {T}echniques},
	Uri = {papers://874E86E5-593C-4C70-8B67-0B7AF05F8CE4/Paper/p2},
	Volume = {31},
	Year = {2005},
}

@article{Elish2008,
  author    = {K. Elish and
               M. Elish},
  title     = {Predicting {D}efect-{P}rone {S}oftware {M}odules {U}sing {S}upport {V}ector
               {M}achines},
  journal   = {Journal of Systems and Software},
  volume    = {81},
  number    = {5},
  year      = {2008},
  pages     = {649-660},
  ee        = {http://dx.doi.org/10.1016/j.jss.2007.07.040},
  bibsource = {DBLP, http://dblp.uni-trier.de}
}

@article{Hata2008,
author = {Hata, H. and Mizuno, O. and Kikuno, T.},
title = {An {E}xtension of {F}ault-prone {F}iltering using {P}recise {T}raining and a {D}ynamic {T}hreshold},
journal = {Proc. MSR 2008},
year= {2008},
keywords = { }}
	
@article{Mizuno2007p7,
	Author = {O Mizuno and T Kikuno},
	Date-Added = {2008-01-13 01:11:05 -0800},
	Date-Modified = {2008-01-14 23:48:31 -0800},
	Journal = {Proceedings of the 6th {J}oint {M}eeting of the {E}uropean {S}oftware {E}ngineering {C}onference and the 14th ACM SIGSOFT {S}ymposium on {F}oundations of {S}oftware {E}ngineering},
	Pages = {405--414},
	Rating = {0},
	Read = {Yes},
	Title = {Training on {E}rrors {E}xperiment to {D}etect {F}ault-{P}rone {S}oftware {M}odules by {S}pam {F}ilter},
	Year = {2007},
}

@article{Hassan2005p38,
	Author = {A. Hassan and
              R. Holt},
	Journal = {Proc. ICSM'05},
	Month = {Jan},
	Title = {The {T}op {T}en {L}ist: {D}ynamic {F}ault {P}rediction},
	Year = {2005}}

@article{Kim2007p58,
  author    = {S. Kim and
               E.J. Whitehead Jr. and
               Y. Zhang},
  title     = {Classifying {S}oftware {C}hanges: {C}lean or {B}uggy?},
  journal   = {IEEE Trans. Software Eng.},
  volume    = {34},
  number    = {2},
  year      = {2008},
  pages     = {181-196},
  ee        = {http://doi.ieeecomputersociety.org/10.1109/TSE.2007.70773},
  bibsource = {DBLP, http://dblp.uni-trier.de}
  }


@article{Kim2007p489,
  author    = {S. Kim and
               T. Zimmermann and
               E.J. Whitehead Jr. and
               Andreas Zeller},
  title     = {Predicting {F}aults from {C}ached {H}istory},
  journal   = {Proc. ICSE 2007},
  year      = {2007},
  pages     = {489-498},
}

@proceedings{DBLPconf/icse/2007,
  title     = {29th International Conference on Software Engineering (ICSE
               2007), Minneapolis, MN, USA, May 20-26, 2007},
  booktitle = {ICSE},
  publisher = {IEEE Computer Society},
  year      = {2007},
  bibsource = {DBLP, http://dblp.uni-trier.de}
}


@article{Ostrand2005p340,
  author    = {T.J. Ostrand and
               E.J. Weyuker and
               R.M. Bell},
  title     = {Predicting the {L}ocation and {N}umber of {F}aults in {L}arge {S}oftware
               {S}ystems},
  journal   = {IEEE Trans. Software Eng.},
  volume    = {31},
  number    = {4},
  year      = {2005},
  pages     = {340-355},
  ee        = {http://dx.doi.org/10.1109/TSE.2005.49},
  bibsource = {DBLP, http://dblp.uni-trier.de}
}

@article{mockus2000irs,
  title={Identifying {R}easons for {S}oftware {C}hanges using {H}istoric {D}atabases},
  author={Mockus, A. and Votta, L.},
  journal={Proc. ICSM 2000},
  pages={120},
  year={2000}
  }

@article{scott1999fet,
  title={Feature {E}ngineering for {T}ext {C}lassification},
  author={Scott, S. and Matwin, S.},
  journal={Machine {L}earning-{I}nternational {W}orkshop},
  pages={379--388},
  year={1999},
  publisher={Morgan {K}aufmann {P}ublishers, {I}nc.}
}

@article{shihab2010understanding,
  title={{Understanding the {I}mpact of {C}ode and {P}rocess {M}etrics on {P}ost-{R}elease {D}efects: a {C}ase {S}tudy on the {E}clipse {P}roject}},
  author={Shihab, E. and Jiang, Z.M. and Ibrahim, W.M. and Adams, B. and Hassan, A.E.},
  journal={Proc. ESEM 2010},
  pages={1--10},
  year={2010}
}

@article{zimmermann2004pcd,
  title={{Preprocessing CVS {D}ata for {F}ine-{G}rained {A}nalysis}},
  author={Zimmermann, T. and Wei{\ss}gerber, P.},
  journal={Proc. MSR 2004},
  pages={2--6},
  year={2004}
}
