% This file was created with JabRef 2.6.
% Encoding: ISO8859_1

@article{saunders1998support,
  title={Support {V}ector {M}achine {R}eference {M}anual},
  author={Saunders, C. and Stitson, M.O. and Weston, J. and Bottou, L. and Smola, A. and others},
  journal={Royal Holloway Univ., London, Tech. Rep. CSD-TR-98-03},
  year={1998},
  publisher={Citeseer}
}
@inproceedings{wedyan2009effectiveness,
  title={The {E}ffectiveness of {A}utomated {S}tatic {A}nalysis {T}ools for {F}ault {D}etection and {R}efactoring {P}rediction},
  author={Wedyan, F. and Alrmuny, D. and Bieman, J.M.},
  booktitle={Software Testing Verification and Validation, 2009. ICST'09. International Conference on},
  pages={141--150},
  year={2009},
  organization={IEEE}
}

@article{fan2008liblinear,
  title={LIBLINEAR: A library for large linear classification},
  author={Fan, R.E. and Chang, K.W. and Hsieh, C.J. and Wang, X.R. and Lin, C.J.},
  journal={The Journal of Machine Learning Research},
  volume={9},
  pages={1871--1874},
  year={2008},
  publisher={JMLR. org}
}

@inproceedings{tang2002active,
  title={Active learning for statistical natural language parsing},
  author={Tang, M. and Luo, X. and Roukos, S.},
  booktitle={Proceedings of the 40th Annual Meeting on Association for Computational Linguistics},
  pages={120--127},
  year={2002},
  organization={Association for Computational Linguistics}
}

@article{tong2002support,
  title={Support vector machine active learning with applications to text classification},
  author={Tong, S. and Koller, D.},
  journal={The Journal of Machine Learning Research},
  volume={2},
  pages={45--66},
  year={2002},
  publisher={JMLR. org}
}

@article{rolleke2006general,
  title={A {G}eneral {M}atrix {F}ramework for {M}odelling {I}nformation {R}etrieval},
  author={R{\"o}lleke, T. and Tsikrika, T. and Kazai, G.},
  journal={Information processing \& management},
  volume={42},
  number={1},
  pages={4--30},
  year={2006},
  publisher={Elsevier}
}

@inproceedings{holmes2005using,
  title={Using {S}tructural {C}ontext to {R}ecommend {S}ource {C}ode {E}xamples},
  author={Holmes, R. and Murphy, G.C.},
  booktitle={Proceedings of the 27th international conference on Software engineering},
  pages={117--125},
  year={2005},
  organization={ACM}
}

@inproceedings{nguyen2010recurring,
  title={Recurring {B}ug {F}ixes in {O}bject-oriented {P}rograms},
  author={Nguyen, T.T. and Nguyen, H.A. and Pham, N.H. and Al-Kofahi, J. and Nguyen, T.N.},
  booktitle={Proceedings of the 32nd ACM/IEEE International Conference on Software Engineering-Volume 1},
  pages={315--324},
  year={2010},
  organization={ACM}
}

@book{zeller-bookb-2005,
   title = "Why Programs Fail: A Guide to Systematic Debugging",
   author = "Andreas Zeller",
   year = "2005",
   month = "October",
   publisher = "Morgan Kaufmann",
   ISBN = "1558608664",
}

@article{ayewah2008using,
  title={Using {S}tatic {A}nalysis to {F}ind {B}ugs},
  author={Ayewah, N. and Hovemeyer, D. and Morgenthaler, J.D. and Penix, J. and Pugh, W.},
  journal={Software, IEEE},
  volume={25},
  number={5},
  pages={22--29},
  year={2008},
  publisher={IEEE}
}

@inproceedings{rutar2004comparison,
  title={A {C}omparison of {B}ug {F}inding {T}ools for {J}ava},
  author={Rutar, N. and Almazan, C.B. and Foster, J.S.},
  booktitle={Software Reliability Engineering, 2004. ISSRE 2004. 15th International Symposium on},
  pages={245--256},
  year={2004},
  organization={Ieee}
}

@inproceedings{wagner2008evaluation,
  title={An {E}valuation of {T}wo {B}ug {P}attern {T}ools for {J}ava},
  author={Wagner, S. and Deissenboeck, F. and Aichner, M. and Wimmer, J. and Schwalb, M.},
  booktitle={Software Testing, Verification, and Validation, 2008 1st International Conference on},
  pages={248--257},
  year={2008},
  organization={IEEE}
}

@article{muhlberg2007blast,
  title={Blasting {L}inux {C}ode},
  author={M{\"u}hlberg, J. and L{\"u}ttgen, G.},
  journal={Formal Methods: Applications and Technology},
  pages={211--226},
  year={2007},
  publisher={Springer}
}

@inproceedings{Dagenais:2008:RAC:1368088.1368154,
 author = {Dagenais, Barth\'{e}l\'{e}my and Robillard, Martin P.},
 title = {Recommending adaptive changes for framework evolution},
 booktitle = {Proceedings of the 30th international conference on Software engineering},
 year = {2008},
 location = {Leipzig, Germany},
 pages = {481--490},
 numpages = {10},
} 

@inproceedings{Babich:2011:UCA:1982185.1982492,
 author = {Babich, Djuradj and Clarke, Peter J. and Power, James F. and Kibria, B. M. Golam},
 title = {Using a class abstraction technique to predict faults in {OO} classes: a case study through six releases of the Eclipse {JDT}},
 booktitle = {Proceedings of the 2011 ACM Symposium on Applied Computing},
 year = {2011},
 location = {TaiChung, Taiwan},
 pages = {1419--1424},
 numpages = {6},
} 

@INPROCEEDINGS{Abreu:2008:OMF:1401827.1401841,
  author = {Abreu, Rui and Zoeteweij, Peter and van Gemund, Arjan J. C.},
  title = {An observation-based model for fault localization},
  booktitle = {Proceedings of the 2008 international workshop on dynamic analysis:
	held in conjunction with the ACM SIGSOFT International Symposium
	on Software Testing and Analysis (ISSTA 2008)},
  year = {2008},
  pages = {64--70},
  address = {New York, NY, USA},
  keywords = {model-based diagnosis, program spectra, software fault diagnosis,
	test data analysis},
  location = {Seattle, Washington},
  numpages = {7}
}

@INPROCEEDINGS{rui_abreu_evaluation_2006,
  author = {Rui Abreu and Peter Zoeteweij and Arjan J. C. van Gemund},
  title = {An Evaluation of Similarity Coefficients for Software Fault Localization},
  booktitle = {12th Pacific Rim International Symposium on Dependable Computing,
	2006. {PRDC} '06},
  year = {2006},
  pages = {39--46},
  month = dec
}

@INPROCEEDINGS{Abreu:2006:ESC:1193217.1194368,
  author = {Abreu, Rui and Zoeteweij, Peter and Gemund, Arjan J. C. van},
  title = {An Evaluation of Similarity Coefficients for Software Fault Localization},
  booktitle = {Proceedings of the 12th Pacific Rim International Symposium on Dependable
	Computing},
  year = {2006},
  pages = {39--46},
  address = {Washington, DC, USA},
  numpages = {8}
}

@ARTICLE{ammons_mining_2002,
  author = {Ammons, Glenn and Bodík, Rastislav and Larus, James R},
  title = {Mining specifications},
  journal = {{SIGPLAN} Not.},
  year = {2002},
  volume = {37},
  pages = {4-–16},
  number = {1},
  month = jan,
  issn = {0362-1340}
}

@ARTICLE{andrews_genetic_2011,
  author = {Andrews, J. H and Menzies, T. and Li, F. {C.H}},
  title = {Genetic Algorithms for Randomized Unit Testing},
  journal = {{IEEE} Transactions on Software Engineering},
  year = {2011},
  volume = {37},
  pages = {80--94},
  number = {1},
  month = feb,
  issn = {0098-5589}
}

@INPROCEEDINGS{anvik_who_2006,
  author = {Anvik, John and Hiew, Lyndon and Murphy, Gail C},
  title = {Who should fix this bug?},
  booktitle = {Proceedings of the 28th international conference on Software engineering},
  year = {2006},
  pages = {361–-370},
  address = {Shanghai, China},
  publisher = {{ACM}}
}

@MISC{log4j,
  author = {{Apache Logging Services}},
  title = {http://logging.apache.org/},
  month = {Aug},
  year = {2011}
}

@INPROCEEDINGS{arcuri_automation_2008,
  author = {Arcuri, Andrea},
  title = {On the {A}utomation of {F}ixing {S}oftware {B}ugs},
  booktitle = {Companion of the 30th international conference on Software engineering},
  year = {2008},
  pages = {1003--1006},
  address = {Leipzig, Germany},
  keywords = {algorithms, automated debugging, automatic bug fixing}
}

@INPROCEEDINGS{arcuri_practical_2011,
  author = {Arcuri, Andrea and Briand, Lionel},
  title = {A practical guide for using statistical tests to assess randomized
	algorithms in software engineering},
  booktitle = {Proceeding of the 33rd international conference on Software engineering},
  year = {2011},
  pages = {1--10},
  address = {Waikiki, Honolulu, {HI}, {USA}},
  keywords = {algorithms, bonferroni adjustment, confidence interval}
}

@INPROCEEDINGS{arcuri_multi-objective_2008,
  author = {Arcuri, Andrea and White, David Robert and Clark, John and Yao, Xin},
  title = {Multi-objective {I}mprovement of Software Using Co-evolution and Smart
	Seeding},
  booktitle = {Proceedings of the 7th International Conference on Simulated Evolution
	and Learning},
  year = {2008},
  pages = {61--70},
  address = {Melbourne, Australia}
}

@INPROCEEDINGS{arcuri_novel_2008,
  author = {Arcuri, A. and Xin Yao},
  title = {A {N}ovel {C}o-evolutionary {A}pproach to {A}utomatic {S}oftware {B}ug {F}ixing},
  booktitle = {{IEEE} Congress on Evolutionary Computation},
  year = {2008},
  pages = {162--168},
  month = jun,
  keywords = {Automatic programming, automatic software bug fixing, Automation,
	buggy program, coevolutionary approach, Computer bugs, Costs, formal
	specification, Formal specifications, genetic programming, program
	debugging, program testing, Programming profession, Software debugging,
	software engineering, Software performance, Software testing, sorting,
	sorting algorithm}
}

@MISC{aspectj,
  author = {{AspectJ}},
  title = {http://www.eclipse.org/aspectj/},
  month = {Aug},
  year = {2011}
}

@MISC{ms:zune,
  author = {{BBC News}},
  title = {Microsoft zune affected by `bug', \\ {http://news.bbc.co.uk/2/hi/technology/7806683.stm}},
  month = {December},
  year = {2008},
  owner = {darkrsw},
  timestamp = {2011.06.15}
}

@INPROCEEDINGS{Bevan2005,
  author = {Bevan, Jennifer and Whitehead,Jr., E. James and Kim, Sunghun and
	Godfrey, Michael},
  title = {Facilitating software evolution research with kenyon},
  booktitle = {ESEC/FSE-13: Proceedings of the 10th European software engineering
	conference held jointly with 13th ACM SIGSOFT international symposium
	on Foundations of software engineering},
  year = {2005},
  pages = {177--186},
  address = {New York, NY, USA},
  location = {Lisbon, Portugal}
}

@INPROCEEDINGS{Bird2009,
  author = {Bird, Christian and Bachmann, Adrian and Aune, Eirik and Duffy, John
	and Bernstein, Abraham and Filkov, Vladimir and Devanbu, Premkumar},
  title = {Fair and balanced?: bias in bug-fix datasets},
  booktitle = {Proceedings of the the 7th joint meeting of the European software
	engineering conference and the ACM SIGSOFT symposium on The foundations
	of software engineering},
  year = {2009},
  pages = {121--130},
  address = {New York, NY, USA},
  keywords = {bias},
  location = {Amsterdam, The Netherlands},
  numpages = {10}
}

@MISC{zuneboards,
  author = {{Cause of Zune 30 leapyear problem ISOLATED!}},
  title = {{http://www.zuneboards.com/forums/zune-news/38143-cause-zune-30-leapyear-problem-isolated.html}},
  month = {December},
  year = {2008},
  owner = {darkrsw},
  timestamp = {2011.06.24}
}

@INPROCEEDINGS{Cleve:2005:LCP:1062455.1062522,
  author = {Cleve, Holger and Zeller, Andreas},
  title = {Locating causes of program failures},
  booktitle = {Proceedings of the 27th international conference on Software engineering},
  year = {2005},
  pages = {342--351},
  address = {New York, NY, USA},
  keywords = {adaptive testing, automated debugging, program analysis, tracing},
  location = {St. Louis, MO, USA},
  numpages = {10}
}

@MISC{cnn.windows2000,
  author = {{CNN}},
  title = {Will bugs scare off users of new {Windows} 2000},
  month = {Feb},
  year = {2000}
}

@INPROCEEDINGS{dallmeier_mining_2006,
  author = {Dallmeier, Valentin and Lindig, Christian and Wasylkowski, Andrzej
	and Zeller, Andreas},
  title = {Mining object behavior with {ADABU}},
  booktitle = {Proceedings of the 2006 international workshop on Dynamic systems
	analysis},
  year = {2006},
  pages = {17-–24},
  address = {Shanghai, China},
  keywords = {automata, documentation, experimentation, inspector method, Java,
	languages, mining, miscellaneous, object behavior model, object state,
	observer method, program analysis, program instrumentation, purity
	analysis, tools, tracing, verification}
}

@INPROCEEDINGS{dallmeier_generating_2009,
  author = {Dallmeier, V. and Zeller, A. and Meyer, B.},
  title = {Generating Fixes from Object Behavior Anomalies},
  booktitle = {24th {IEEE/ACM} International Conference on Automated Software Engineering},
  year = {2009},
  pages = {550--554},
  month = nov,
  keywords = {{ASPECTJ} bug, {ASPECTJ} test suite, Automatic testing, bugs correction,
	Computer bugs, Computer crashes, Computer science, debugging, fixing,
	History, Java, object behavior anomalies, object usage patterns,
	{PACHIKA} tool, program debugging, program execution, program fixes
	generation, program testing, Programming profession, regression test
	suite, software engineering, software tools, Vehicle crash testing}
}

@INPROCEEDINGS{Dallmeier:2007:EBL:1321631.1321702,
  author = {Dallmeier, Valentin and Zimmermann, Thomas},
  title = {Extraction of bug localization benchmarks from history},
  booktitle = {Proceedings of the twenty-second IEEE/ACM international conference
	on Automated software engineering},
  year = {2007},
  pages = {433--436},
  address = {New York, NY, USA},
  keywords = {benchmarking, defect localization},
  location = {Atlanta, Georgia, USA},
  numpages = {4}
}

@INPROCEEDINGS{demsky_inference_2006,
  author = {Demsky, Brian and Ernst, Michael D and Guo, Philip J and {McCamant},
	Stephen and Perkins, Jeff H and Rinard, Martin},
  title = {Inference and {E}nforcement of {D}ata {S}tructure {C}onsistency {S}pecifications},
  booktitle = {Proceedings of the 2006 international symposium on Software testing
	and analysis},
  year = {2006},
  pages = {233--244},
  address = {Portland, Maine, {USA}},
  keywords = {data structure repair, dynamic invariant detection, experimentation,
	language constructs and features, languages, reliability, testing
	and debugging}
}

@INPROCEEDINGS{demsky_data_2005,
  author = {Demsky, Brian and Rinard, Martin},
  title = {Data {S}tructure {R}epair {U}sing {G}oal-directed {R}easoning},
  booktitle = {Proceedings of the 27th international conference on Software engineering},
  year = {2005},
  pages = {176--185},
  address = {St. Louis, {MO}, {USA}},
  keywords = {data structure invariants, data structure repair, design}
}

@ARTICLE{Eastwood1993,
  author = {Eastwood, A.},
  title = {Firm fires shots at legacy systems},
  journal = {Computing Canada},
  year = {1993},
  volume = {19},
  pages = {17},
  number = {2},
  owner = {darkrsw},
  timestamp = {2011.04.05}
}

@MISC{eclipse.jdt,
  author = {{Eclipse Java development tools}},
  title = {http://www.eclipse.org/jdt/},
  month = {Aug},
  year = {2011}
}

@BOOK{eiben_introduction_2008,
  title = {Introduction to Evolutionary Computing},
  publisher = {Springer},
  year = {2008},
  author = {Eiben, Agoston E. and Smith, {J.E.}},
  month = oct,
  isbn = {3540401849}
}

@ARTICLE{Erlikh2000,
  author = {Len Erlikh},
  title = {Leveraging legacy system dollars for E-business},
  journal = {IT Professional},
  year = {2000},
  volume = {2},
  pages = {17--23},
  number = {3},
  owner = {darkrsw},
  timestamp = {2011.04.05}
}

@INPROCEEDINGS{Forrest:2009:GPA:1569901.1570031,
  author = {Forrest, Stephanie and Nguyen, ThanhVu and Weimer, Westley and Le
	Goues, Claire},
  title = {A genetic programming approach to automated software repair},
  booktitle = {Proceedings of the 11th Annual conference on Genetic and evolutionary
	computation},
  year = {2009},
  pages = {947--954},
  address = {New York, NY, USA},
  keywords = {genetic programming, software engineering, software repair},
  location = {Montreal, Qu\&\#233;bec, Canada},
  numpages = {8}
}

@INPROCEEDINGS{gabel_symbolic_2008,
  author = {Gabel, Mark and Su, Zhendong},
  title = {Symbolic mining of temporal specifications},
  booktitle = {Proceedings of the 30th international conference on Software engineering},
  year = {2008},
  pages = {51–-60},
  address = {Leipzig, Germany},
  keywords = {algorithms, dynamic analysis, Formal specifications}
}

@INPROCEEDINGS{ghezzi_efficient_2007,
  author = {Ghezzi, Carlo and Mocci, Andrea and Monga, Mattia},
  title = {Efficient recovery of algebraic specifications for stateful components},
  booktitle = {Ninth international workshop on Principles of software evolution:
	in conjunction with the 6th {ESEC/FSE} joint meeting},
  year = {2007},
  pages = {98-–105},
  address = {Dubrovnik, Croatia}
}

@INPROCEEDINGS{goues_specification_2009,
  author = {Goues, Claire and Weimer, Westley},
  title = {Specification Mining with Few False Positives},
  booktitle = {Proceedings of the 15th International Conference on Tools and Algorithms
	for the Construction and Analysis of Systems: Held as Part of the
	Joint European Conferences on Theory and Practice of Software, {ETAPS}
	2009,},
  year = {2009},
  pages = {292–-306},
  address = {York, {UK}}
}

@ARTICLE{Huff1990,
  author = {Huff, S.},
  title = {Information systems maintenance},
  journal = {The Business Quarterly},
  year = {1990},
  volume = {55},
  pages = {30--32},
  owner = {darkrsw},
  timestamp = {2011.04.05}
}

@INPROCEEDINGS{jaygarl_ocat:_2010,
  author = {Jaygarl, Hojun and Kim, Sunghun and Xie, Tao and Chang, Carl K},
  title = {{OCAT:} object capture-based automated testing},
  booktitle = {Proceedings of the 19th international symposium on Software testing
	and analysis},
  year = {2010},
  pages = {159-–170},
  address = {Trento, Italy}
}

@INPROCEEDINGS{Jones:2002:VTI:581339.581397,
  author = {Jones, James A. and Harrold, Mary Jean and Stasko, John},
  title = {Visualization of test information to assist fault localization},
  booktitle = {Proceedings of the 24th International Conference on Software Engineering},
  year = {2002},
  pages = {467--477},
  location = {Orlando, Florida},
  numpages = {11}
}

@INPROCEEDINGS{jones_visualization_2002,
  author = {Jones, James A. and Harrold, Mary Jean and Stasko, John},
  title = {Visualization of test information to assist fault localization},
  booktitle = {Proceedings of the 24th international conference on Software engineering},
  year = {2002},
  pages = {467--477},
  address = {Orlando, Florida}
}

@INPROCEEDINGS{Kim2006,
  author = {Kim, Sunghun and Pan, Kai and Whitehead,Jr., E. E. James},
  title = {Memories of {B}ug {F}ixes},
  booktitle = {Proceedings of the 14th ACM SIGSOFT international symposium on Foundations
	of software engineering},
  year = {2006},
  pages = {35--45},
  address = {New York, NY, USA},
  keywords = {bug, bug finding tool, fault, fix, patterns, prediction},
  location = {Portland, Oregon, USA},
  numpages = {11}
}

@BOOK{koza_genetic_1992,
  title = {Genetic Programming: On the Programming of Computers by Means of
	Natural Selection},
  publisher = {The {MIT} Press},
  year = {1992},
  author = {Koza, John R.},
  edition = {1},
  month = dec,
  isbn = {0262111705},
  shorttitle = {Genetic Programming}
}

@TECHREPORT{liblit_building_2002,
  author = {Liblit, Ben},
  title = {Building a better backtrace: Techniques for postmortem program analysis},
  institution = {Computer Science Division, University of California},
  year = {2002},
  shorttitle = {Building a better backtrace}
}

@INPROCEEDINGS{Liblit:2005:SSB:1065010.1065014,
  author = {Liblit, Ben and Naik, Mayur and Zheng, Alice X. and Aiken, Alex and
	Jordan, Michael I.},
  title = {Scalable statistical bug isolation},
  booktitle = {Proceedings of the 2005 ACM SIGPLAN conference on Programming language
	design and implementation},
  year = {2005},
  pages = {15--26},
  address = {New York, NY, USA},
  keywords = {bug isolation, feature selection, invariants, random sampling, statistical
	debugging},
  location = {Chicago, IL, USA},
  numpages = {12}
}

@INPROCEEDINGS{Liu:2005:SSM:1081706.1081753,
  author = {Liu, Chao and Yan, Xifeng and Fei, Long and Han, Jiawei and Midkiff,
	Samuel P.},
  title = {SOBER: statistical model-based bug localization},
  booktitle = {Proceedings of the 10th European software engineering conference
	held jointly with 13th ACM SIGSOFT international symposium on Foundations
	of software engineering},
  year = {2005},
  pages = {286--295},
  address = {New York, NY, USA},
  keywords = {localization metrics, statistical debugging},
  location = {Lisbon, Portugal},
  numpages = {10}
}

@INPROCEEDINGS{liu_sober:_2005,
  author = {Liu, Chao and Yan, Xifeng and Fei, Long and Han, Jiawei and Midkiff,
	Samuel P.},
  title = {{SOBER:} statistical model-based bug localization},
  booktitle = {Proceedings of the 10th European software engineering conference
	held jointly with 13th {ACM} {SIGSOFT} international symposium on
	Foundations of software engineering - {ESEC/FSE-13}},
  year = {2005},
  pages = {286--295},
  address = {Lisbon, Portugal}
}

@ARTICLE{manevich_pse:_2004,
  author = {Manevich, Roman and Sridharan, Manu and Adams, Stephen and Das, Manuvir
	and Yang, Zhe},
  title = {{PSE:} explaining program failures via postmortem static analysis},
  journal = {{SIGSOFT} Softw. Eng. Notes},
  year = {2004},
  volume = {29},
  pages = {63–-72},
  number = {6},
  month = oct,
  issn = {0163-5948},
  keywords = {algorithms, alias analysis, postmortem analysis, reliability, security,
	software/program verification, testing and debugging, typestate,
	value flow, verification}
}

@ARTICLE{mann_test_1947,
  author = {Mann, H. B.},
  title = {On a Test of Whether one of Two Random Variables is Stochastically
	Larger than the Other},
  journal = {The Annals of Mathematical Statistics},
  year = {1947},
  volume = {18},
  pages = {50--60},
  number = {1},
  month = mar
}

@ARTICLE{meyer_programs_2009,
  author = {Meyer, B. and Fiva, A. and Ciupa, I. and Leitner, A. and Yi Wei and
	Stapf, E.},
  title = {Programs That Test Themselves},
  journal = {Computer},
  year = {2009},
  volume = {42},
  pages = {46--55},
  number = {9},
  month = sep,
  issn = {0018-9162}
}

@MISC{bugcost,
  author = {{National Institute of Standards and Technology (NIST)}},
  title = {Software Errors Cost U.S. Economy \$59.5 Billion Annually},
  month = {Jun},
  year = {2002},
  owner = {darkrsw},
  timestamp = {2011.08.11}
}

@INPROCEEDINGS{pacheco_feedback-directed_2007,
  author = {Pacheco, Carlos and Lahiri, Shuvendu K and Ernst, Michael D and Ball,
	Thomas},
  title = {{Feedback-Directed} Random Test Generation},
  booktitle = {Proceedings of the 29th international conference on Software Engineering},
  year = {2007},
  pages = {75–-84}
}

@MISC{knownbugs,
  author = {Alan Page},
  title = {http://blogs.msdn.com/b/alanpa/archive/2007/08/24/shipping-with-bugs.aspx},
  month = {Aug},
  year = {2007},
  owner = {darkrsw},
  timestamp = {2011.08.09}
}

@ARTICLE{pan_toward_2008,
  author = {Pan, Kai and Kim, Sunghun and Whitehead, E. James},
  title = {Toward an understanding of bug fix patterns},
  journal = {Empirical Software Engineering},
  year = {2008},
  volume = {14},
  pages = {286--315},
  number = {3},
  month = aug
}

@MISC{rhino,
  author = {{Rhino: JavaScript for Java}},
  title = {http://www.mozilla.org/rhino/},
  month = {Aug},
  year = {2011}
}

@INPROCEEDINGS{rinard_dynamic_2004,
  author = {Rinard, M. and Cadar, C. and Dumitran, D. and Roy, D. M and Leu,
	T.},
  title = {A dynamic technique for eliminating buffer overflow vulnerabilities
	(and other memory errors)},
  booktitle = {Computer Security Applications Conference, 2004. 20th Annual},
  year = {2004},
  pages = {82--90},
  month = dec,
  keywords = {Artificial intelligence, Buffer overflow, buffer overflow vulnerability
	elimination, buffer storage, Computer errors, Computer languages,
	Computer science, data structures, Dynamic compiler, hash table,
	Java, Laboratories, memory errors, open source servers, program compilers,
	program verification, programming errors, Programming profession,
	security of data, storage allocation, Web sites}
}

@MISC{somanybugs,
  author = {{Technology Review}},
  title = {So Many Bugs, So Little Time},
  month = {Jul},
  year = {2010},
  owner = {darkrsw},
  timestamp = {2011.08.11}
}

@MISC{inevitablebugs,
  author = {{The Guardian}},
  title = {Why we all sell code with bugs},
  month = {Aug},
  year = {2006}
}

@MISC{anotherzunebug,
  author = {{The Zune Bug}},
  title = {{http://bit-player.org/2009/the-zune-bug}},
  month = {January},
  year = {2009},
  owner = {darkrsw},
  timestamp = {2011.06.24}
}

@INPROCEEDINGS{wei_inferring_2011,
  author = {Wei, Yi and Furia, Carlo A and Kazmin, Nikolay and Meyer, Bertrand},
  title = {Inferring better contracts},
  booktitle = {Proceeding of the 33rd international conference on Software engineering},
  year = {2011},
  pages = {191-–200},
  address = {Waikiki, Honolulu, {HI}, {USA}},
  keywords = {assertion checkers, contract inference, data mining, invariants, programming
	by contract, random testing, reliability, verification}
}

@INPROCEEDINGS{wei_automated_2010,
  author = {Wei, Yi and Pei, Yu and Furia, Carlo A and Silva, Lucas S and Buchholz,
	Stefan and Meyer, Bertrand and Zeller, Andreas},
  title = {Automated fixing of programs with contracts},
  booktitle = {Proceedings of the 19th international symposium on Software testing
	and analysis},
  year = {2010},
  pages = {61–-72},
  address = {Trento, Italy}
}

@INPROCEEDINGS{weimer_patches_2006,
  author = {Weimer, Westley},
  title = {Patches as better bug reports},
  booktitle = {Proceedings of the 5th international conference on Generative programming
	and component engineering},
  year = {2006},
  pages = {181–-190},
  address = {Portland, Oregon, {USA}},
  keywords = {algorithms, bug, bug report}
}

@INPROCEEDINGS{Weimer:2009:AFP:1555001.1555051,
  author = {Weimer, Westley and Nguyen, ThanhVu and Le Goues, Claire and Forrest,
	Stephanie},
  title = {Automatically finding patches using genetic programming},
  booktitle = {Proceedings of the 31st International Conference on Software Engineering},
  year = {2009},
  pages = {364--374},
  address = {Washington, DC, USA},
  numpages = {11}
}

@INPROCEEDINGS{zeller_yesterday_1999,
  author = {Zeller, Andreas},
  title = {Yesterday, my program worked. Today, it does not. Why?},
  booktitle = {Proceedings of the 7th European software engineering conference held
	jointly with the 7th {ACM} {SIGSOFT} international symposium on Foundations
	of software engineering},
  year = {1999},
  volume = {24},
  pages = {253--267},
  month = nov
}

@INPROCEEDINGS{Zhang:2006:LFT:1134285.1134324,
  author = {Zhang, Xiangyu and Gupta, Neelam and Gupta, Rajiv},
  title = {Locating faults through automated predicate switching},
  booktitle = {Proceedings of the 28th international conference on Software engineering},
  year = {2006},
  pages = {272--281},
  address = {New York, NY, USA},
  keywords = {automated debugging, dynamic slicing, predicate switching},
  location = {Shanghai, China},
  numpages = {10}
}

@MISC{zunebugfix,
  author = {{Zune Bug: Test Driven Bug Fix}},
  title = {{http://www.renaissancesoftware.net/blog/archives/38}},
  month = {February},
  year = {2009},
  owner = {darkrsw},
  timestamp = {2011.06.24}
}

